@misc{StateStreetGlobalAdvisors2019,
author = {{State Street Global Advisors}},
title = {{SPY: SPDR S{\&}P 500 ETF Trust}},
url = {https://us.spdrs.com/en/etf/spdr-sp-500-etf-SPY},
urldate = {2019-02-20},
year = {2019}
}
@book{Shreve2004,
address = {Pittsburgh, PA},
author = {Shreve, Steven E.},
isbn = {0-387-40101-6},
keywords = {Black-Scholes-Merton Model,Option Pricing},
mendeley-tags = {Black-Scholes-Merton Model,Option Pricing},
number = {April},
pages = {153--164},
publisher = {Springer Finance},
title = {{Stochastic Calculus for Finance II}},
year = {2004}
}
@misc{Weerawarana2019,
author = {Weerawarana, Rukmal},
title = {{FE 621 Homework - rukmal - GitHub}},
url = {https://github.com/rukmal/FE-621-Homework},
urldate = {2019-02-20},
year = {2019}
}
@misc{CBOEChicagoBoardOptionsExchange2019,
author = {{CBOE (Chicago Board Options Exchange)}},
title = {{VIX: Volatility Index}},
url = {http://www.cboe.com/vix},
urldate = {2019-02-20},
year = {2019}
}
